<?xml version="1.0" encoding="UTF-8"?>
<record>
    <leader>02341cas a2200469 i 4500</leader>
    <controlfield tag="001">9925886170202311</controlfield>
    <controlfield tag="005">20200528005018.0</controlfield>
    <controlfield tag="006">m     o  d        </controlfield>
    <controlfield tag="007">cr#|||||||||||</controlfield>
    <controlfield tag="008">190625d1936uuuutnu x p o     |   a0eng  </controlfield>
    <datafield tag="010" ind1=" " ind2=" ">
        <subfield code="a">  2019202613</subfield>
    </datafield>
    <datafield tag="012" ind1=" " ind2=" ">
        <subfield code="l">1</subfield>
    </datafield>
    <datafield tag="022" ind1="0" ind2=" ">
        <subfield code="a">2687-7325</subfield>
        <subfield code="2">1</subfield>
    </datafield>
    <datafield tag="035" ind1=" " ind2=" ">
        <subfield code="a">(OCoLC)1105645705</subfield>
    </datafield>
    <datafield tag="035" ind1=" " ind2=" ">
        <subfield code="a">(OCoLC)on1105645705</subfield>
    </datafield>
    <datafield tag="040" ind1=" " ind2=" ">
        <subfield code="a">DLC</subfield>
        <subfield code="b">eng</subfield>
        <subfield code="e">rda</subfield>
        <subfield code="c">DLC</subfield>
        <subfield code="d">OCLCO</subfield>
        <subfield code="d">OCLCF</subfield>
        <subfield code="d">DLC</subfield>
        <subfield code="d">TKN</subfield>
    </datafield>
    <datafield tag="042" ind1=" " ind2=" ">
        <subfield code="a">pcc</subfield>
        <subfield code="a">nsdp</subfield>
    </datafield>
    <datafield tag="043" ind1=" " ind2=" ">
        <subfield code="a">n-us-tn</subfield>
    </datafield>
    <datafield tag="049" ind1=" " ind2=" ">
        <subfield code="a">TKNN</subfield>
    </datafield>
    <datafield tag="050" ind1="1" ind2="0">
        <subfield code="a">ISSN RECORD</subfield>
    </datafield>
    <datafield tag="130" ind1="0" ind2=" ">
        <subfield code="a">Special circular (University of Tennessee (Knoxville campus). Agricultural Extension Service)</subfield>
    </datafield>
    <datafield tag="210" ind1="0" ind2=" ">
        <subfield code="a">Spec. circ.</subfield>
        <subfield code="b">(Univ. Tenn. Knoxv. campus Agric. Ext. Serv., Online)</subfield>
    </datafield>
    <datafield tag="222" ind1=" " ind2="0">
        <subfield code="a">Special circular</subfield>
        <subfield code="b">(University of Tennessee (Knoxville campus). Agricultural Extension Service. Online)</subfield>
    </datafield>
    <datafield tag="245" ind1="1" ind2="0">
        <subfield code="a">Special circular /</subfield>
        <subfield code="c">Agricultural Extension Service, University of Tennessee, Knoxville.</subfield>
    </datafield>
    <datafield tag="264" ind1=" " ind2="1">
        <subfield code="a">Knoxville, TN :</subfield>
        <subfield code="b">Tennessee Agricultural Extension Service, University of Tennessee, Knoxville</subfield>
    </datafield>
    <datafield tag="310" ind1=" " ind2=" ">
        <subfield code="a">Irregular</subfield>
    </datafield>
    <datafield tag="336" ind1=" " ind2=" ">
        <subfield code="a">text</subfield>
        <subfield code="b">txt</subfield>
        <subfield code="2">rdacontent</subfield>
    </datafield>
    <datafield tag="337" ind1=" " ind2=" ">
        <subfield code="a">computer</subfield>
        <subfield code="b">c</subfield>
        <subfield code="2">rdamedia</subfield>
    </datafield>
    <datafield tag="338" ind1=" " ind2=" ">
        <subfield code="a">online resource</subfield>
        <subfield code="b">cr</subfield>
        <subfield code="2">rdacarrier</subfield>
    </datafield>
    <datafield tag="362" ind1="1" ind2=" ">
        <subfield code="a">Began with: No. 41 (Nov. 1936).</subfield>
    </datafield>
    <datafield tag="588" ind1=" " ind2=" ">
        <subfield code="a">Description based on: No. 41 (Nov. 1936); title from pdf cover (digital.lib.utk.edu website, viewed June 25, 2019).</subfield>
    </datafield>
    <datafield tag="588" ind1=" " ind2=" ">
        <subfield code="a">Latest issue consulted: No. 629 (May 1968) (viewed March 2, 2020).</subfield>
    </datafield>
    <datafield tag="650" ind1=" " ind2="0">
        <subfield code="a">Agriculture</subfield>
        <subfield code="z">Tennessee.</subfield>
    </datafield>
    <datafield tag="650" ind1=" " ind2="7">
        <subfield code="a">Agriculture.</subfield>
        <subfield code="2">fast</subfield>
        <subfield code="0">(OCoLC)fst00801355</subfield>
    </datafield>
    <datafield tag="651" ind1=" " ind2="7">
        <subfield code="a">Tennessee.</subfield>
        <subfield code="2">fast</subfield>
        <subfield code="0">(OCoLC)fst01205353</subfield>
    </datafield>
    <datafield tag="710" ind1="2" ind2=" ">
        <subfield code="a">University of Tennessee (Knoxville campus).</subfield>
        <subfield code="b">Agricultural Extension Service.</subfield>
    </datafield>
    <datafield tag="776" ind1="0" ind2="8">
        <subfield code="i">Print version:</subfield>
        <subfield code="t">Special circular (University of Tennessee (Knoxville campus). Agricultural Extension Service)</subfield>
        <subfield code="x">2687-7317</subfield>
        <subfield code="w">(DLC)  2019202612</subfield>
        <subfield code="w">(OCoLC)32009332</subfield>
    </datafield>
    <datafield tag="780" ind1="0" ind2="0">
        <subfield code="t">Circular (University of Tennessee (Knoxville campus). Agricultural Extension Service)</subfield>
        <subfield code="x">2687-7287</subfield>
        <subfield code="w">(DLC)  2019202611</subfield>
        <subfield code="w">(OCoLC)1105645327</subfield>
    </datafield>
    <datafield tag="856" ind1="4" ind2="0">
        <subfield code="u">https://digital.lib.utk.edu/collections/islandora/search/utk_mods_publication_identifier_ms%3A%222687-7325%22?type=edismax&amp;cp=collections%3Aagrutesc</subfield>
    </datafield>
    <datafield tag="856" ind1="4" ind2="0">
        <subfield code="u">https://digital.lib.utk.edu/collections/agrutesccollection</subfield>
    </datafield>
    <datafield tag="945" ind1=" " ind2=" ">
        <subfield code="a">Project Ceres: Agricultural Serials Digitization Project.</subfield>
    </datafield>
    <datafield tag="994" ind1=" " ind2=" ">
        <subfield code="a">C0</subfield>
        <subfield code="b">TKN</subfield>
    </datafield>
</record>